%% LaTeX2e file `"my report".bib'
%% generated by the `filecontents' environment
%% from source `"my report"' on 2016/10/13.
%%
    @misc{thz_net,
    title={Terahertz applications },
    url={http://thznetwork.net/index.php/thz-images},
    urldate={2014-07-15},
    }
    
